@book{Picard1997,
  title={Affective computing},
  author={Picard, Rosalind W},
  volume={252},
  year={1997},
  publisher={MIT press Cambridge}
}